@online{istiod,
  title = {Introducing istiod: simplifying the control plane
},
  url   = {https://istio.io/latest/blog/2020/istiod/}
}

@online{istio,
  title = {Istio Docs},
  url   = {https://istio.io/v1.6/docs/}
}

@online{istiosec,
  title = {Istio Security},
  url   = {https://istio.io/v1.6/docs/concepts/security/}
}

@software{istiocode,
  title = {Istio: Connect, secure, control, and observe services},
  version = {1.6},
  url   = {https://github.com/istio/istio/tree/release-1.6}
}

@software{istioapi,
  title = {Istio APIs and Common Configuration Definitions},
  version = {1.6},
  url   = {https://github.com/istio/api/tree/release-1.6}
}

@online{authzpolicy,
  title = {Authorization Policy},
  url   = {https://istio.io/v1.6/docs/reference/config/security/authorization-policy/}
}

@online{v2api,
  title = {Envoy v2 API reference},
  url   = {https://www.envoyproxy.io/docs/envoy/v1.15.0/api-v2/api}
}

@software{envoycode,
  title = {Envoy: Cloud-native high-performance edge/middle/service proxy},
  version = {1.15},
  url   = {https://github.com/envoyproxy/envoy/tree/release/v1.15}
}